<?xml version="1.0" encoding="UTF-8"?><collection xmlns="http://www.loc.gov/MARC21/slim"><record><leader>00436nam--2200181-i-4500</leader><controlfield tag="001">000003964</controlfield><controlfield tag="002">20161230</controlfield><controlfield tag="005">20161230201025</controlfield><controlfield tag="008">060222s1000------------r-----000-0-rum-d</controlfield><datafield ind1=" " ind2=" " tag="040"><subfield code="a">IFIN-HH</subfield></datafield><datafield ind1=" " ind2=" " tag="041"><subfield code="a">rum</subfield></datafield><datafield ind1=" " ind2=" " tag="080"><subfield code="a">535.231.2</subfield></datafield><datafield ind1="1" ind2=" " tag="100"><subfield code="a">Bianu, V.V</subfield></datafield><datafield ind1="1" ind2="0" tag="245"><subfield code="a">Studiul radiatiei corpului negru</subfield><subfield code="c">V.v. bianu</subfield></datafield><datafield ind1=" " ind2=" " tag="260"><subfield code="a">Bucuresti</subfield><subfield code="b">Editura Tehnica</subfield><subfield code="c">1958</subfield></datafield><datafield ind1=" " ind2=" " tag="300"><subfield code="a">68 P</subfield></datafield><datafield ind1=" " ind2=" " tag="852"><subfield code="a">4870</subfield></datafield><datafield ind1=" " ind2=" " tag="CAT"><subfield code="a">Sys</subfield><subfield code="c">20101015</subfield><subfield code="h">122535</subfield></datafield></record></collection>